@article{chantarat2013designing,
  title={Designing index-based livestock insurance for managing asset risk in northern Kenya},
  author={Chantarat, Sommarat and Mude, Andrew G and Barrett, Christopher B and Carter, Michael R},
  journal={Journal of Risk and Insurance},
  volume={80},
  number={1},
  pages={205--237},
  year={2013},
  publisher={Wiley Online Library}
}

@article{rockafellar2000optimization,
  title={Optimization of conditional value-at-risk},
  author={Rockafellar, R Tyrrell and Uryasev, Stanislav and others},
  journal={Journal of risk},
  volume={2},
  pages={21--42},
  year={2000},
  publisher={Citeseer}
}

@article{rockafellar2002conditional,
  title={Conditional value-at-risk for general loss distributions},
  author={Rockafellar, R Tyrrell and Uryasev, Stanislav},
  journal={Journal of banking \& finance},
  volume={26},
  number={7},
  pages={1443--1471},
  year={2002},
  publisher={Elsevier}
}

@book{mapfumo2017risk,
  title={Risk modeling for appraising named peril index insurance products: A Guide for practitioners},
  author={Mapfumo, Shadreck and Groenendaal, Huybert and Dugger, Chloe},
  year={2017},
  publisher={World Bank Publications}
}

@article{delage2010distributionally,
  title={Distributionally robust optimization under moment uncertainty with application to data-driven problems},
  author={Delage, Erick and Ye, Yinyu},
  journal={Operations research},
  volume={58},
  number={3},
  pages={595--612},
  year={2010},
  publisher={INFORMS}
}

@article{lin2022distributionally,
  title={Distributionally Robust Optimization: A review on theory and applications},
  author={Lin, Fengming and Fang, Xiaolei and Gao, Zheming},
  journal={Numerical Algebra, Control \& Optimization},
  volume={12},
  number={1},
  pages={159},
  year={2022},
  publisher={American Institute of Mathematical Sciences}
}

@article{jensen2019does,
  title={Does the design matter? Comparing satellite-based indices for insuring pastoralists against drought},
  author={Jensen, Nathaniel and Stoeffler, Quentin and Fava, Francesco and Vrieling, Anton and Atzberger, Clement and Meroni, Michele and Mude, Andrew and Carter, Michael},
  journal={Ecological economics},
  volume={162},
  pages={59--73},
  year={2019},
  publisher={Elsevier}
}

@article{flatnes2018improving,
  title={Improving the quality of index insurance with a satellite-based conditional audit contract},
  author={Flatnes, Jon Einar and Carter, Michael R and Mercovich, Ryan},
  journal={Unpublished Working Paper},
  year={2018}
}

@article{dalhaus2020behavioral,
  title={Behavioral weather insurance: Applying cumulative prospect theory to agricultural insurance design under narrow framing},
  author={Dalhaus, Tobias and Barnett, Barry J and Finger, Robert},
  journal={PloS one},
  volume={15},
  number={5},
  pages={e0232267},
  year={2020},
  publisher={Public Library of Science San Francisco, CA USA}
}

@book{world2011weather,
  title={Weather index insurance for agriculture: guidance for development practitioners},
  author={World Bank},
  year={2011},
  publisher={World Bank}
}

@article{karlan2014agricultural,
  title={Agricultural decisions after relaxing credit and risk constraints},
  author={Karlan, Dean and Osei, Robert and Osei-Akoto, Isaac and Udry, Christopher},
  journal={The Quarterly Journal of Economics},
  volume={129},
  number={2},
  pages={597--652},
  year={2014},
  publisher={MIT Press}
}