@article{jensen2019does,
  title={Does the design matter? Comparing satellite-based indices for insuring pastoralists against drought},
  author={Jensen, Nathaniel and Stoeffler, Quentin and Fava, Francesco and Vrieling, Anton and Atzberger, Clement and Meroni, Michele and Mude, Andrew and Carter, Michael},
  journal={Ecological economics},
  volume={162},
  pages={59--73},
  year={2019},
  publisher={Elsevier}
}

@article{flatnes2018improving,
  title={Improving the quality of index insurance with a satellite-based conditional audit contract},
  author={Flatnes, Jon Einar and Carter, Michael R and Mercovich, Ryan},
  journal={Unpublished Working Paper},
  year={2018}
}

@article{chantarat2013designing,
  title={Designing index-based livestock insurance for managing asset risk in northern Kenya},
  author={Chantarat, Sommarat and Mude, Andrew G and Barrett, Christopher B and Carter, Michael R},
  journal={Journal of Risk and Insurance},
  volume={80},
  number={1},
  pages={205--237},
  year={2013},
  publisher={Wiley Online Library}
}


@article{dalhaus2020behavioral,
  title={Behavioral weather insurance: Applying cumulative prospect theory to agricultural insurance design under narrow framing},
  author={Dalhaus, Tobias and Barnett, Barry J and Finger, Robert},
  journal={PloS one},
  volume={15},
  number={5},
  pages={e0232267},
  year={2020},
  publisher={Public Library of Science San Francisco, CA USA}
}

@book{world2011weather,
  title={Weather index insurance for agriculture: guidance for development practitioners},
  author={World Bank},
  year={2011},
  publisher={World Bank}
}

@article{papalexopoulos2022ethics,
  title={Ethics-by-design: efficient, fair and inclusive resource allocation using machine learning},
  author={Papalexopoulos, Theodore P and Bertsimas, Dimitris and Cohen, I Glenn and Goff, Rebecca R and Stewart, Darren E and Trichakis, Nikolaos},
  journal={Journal of Law and the Biosciences},
  volume={9},
  number={1},
  pages={lsac012},
  year={2022},
  publisher={Oxford University Press}
}

@article{gentry2015gerrymandering,
  title={Gerrymandering for justice: redistricting US liver allocation},
  author={Gentry, Sommer and Chow, Eric and Massie, Allan and Segev, Dorry},
  journal={Interfaces},
  volume={45},
  number={5},
  pages={462--480},
  year={2015},
  publisher={INFORMS}
}

@article{karlan2014agricultural,
  title={Agricultural decisions after relaxing credit and risk constraints},
  author={Karlan, Dean and Osei, Robert and Osei-Akoto, Isaac and Udry, Christopher},
  journal={The Quarterly Journal of Economics},
  volume={129},
  number={2},
  pages={597--652},
  year={2014},
  publisher={MIT Press}
}

@article{delage2010distributionally,
  title={Distributionally robust optimization under moment uncertainty with application to data-driven problems},
  author={Delage, Erick and Ye, Yinyu},
  journal={Operations research},
  volume={58},
  number={3},
  pages={595--612},
  year={2010},
  publisher={INFORMS}
}

@article{bertsimas2011theory,
  title={Theory and applications of robust optimization},
  author={Bertsimas, Dimitris and Brown, David B and Caramanis, Constantine},
  journal={SIAM review},
  volume={53},
  number={3},
  pages={464--501},
  year={2011},
  publisher={SIAM}
}

@article{yu2020robust,
  title={Robust contract designs: Linear contracts and moral hazard},
  author={Yu, Yimin and Kong, Xiangyin},
  journal={Operations Research},
  volume={68},
  number={5},
  pages={1457--1473},
  year={2020},
  publisher={INFORMS}
}
