@inproceedings{bahri2020deep,
  title={Deep k-nn for noisy labels},
  author={Bahri, Dara and Jiang, Heinrich and Gupta, Maya},
  booktitle={International Conference on Machine Learning},
  pages={540--550},
  year={2020},
  organization={PMLR}
}

@inproceedings{zhu2022detecting,
  title={Detecting corrupted labels without training a model to predict},
  author={Zhu, Zhaowei and Dong, Zihao and Liu, Yang},
  booktitle={International Conference on Machine Learning},
  pages={27412--27427},
  year={2022},
  organization={PMLR}
}

@inproceedings{zhang2021learning,
  title={Learning from noisy labels with no change to the training process},
  author={Zhang, Mingyuan and Lee, Jane and Agarwal, Shivani},
  booktitle={International Conference on Machine Learning},
  pages={12468--12478},
  year={2021},
  organization={PMLR}
}


@article{ovadia2019can,
  title={Can you trust your model's uncertainty? evaluating predictive uncertainty under dataset shift},
  author={Ovadia, Yaniv and Fertig, Emily and Ren, Jie and Nado, Zachary and Sculley, David and Nowozin, Sebastian and Dillon, Joshua and Lakshminarayanan, Balaji and Snoek, Jasper},
  journal={Advances in neural information processing systems},
  volume={32},
  year={2019}
}

@inproceedings{guo2017calibration,
  title={On calibration of modern neural networks},
  author={Guo, Chuan and Pleiss, Geoff and Sun, Yu and Weinberger, Kilian Q},
  booktitle={International conference on machine learning},
  pages={1321--1330},
  year={2017},
  organization={PMLR}
}

@inproceedings{gal2016dropout,
  title={Dropout as a bayesian approximation: Representing model uncertainty in deep learning},
  author={Gal, Yarin and Ghahramani, Zoubin},
  booktitle={international conference on machine learning},
  pages={1050--1059},
  year={2016},
  organization={PMLR}
}

@article{lakshminarayanan2017simple,
  title={Simple and scalable predictive uncertainty estimation using deep ensembles},
  author={Lakshminarayanan, Balaji and Pritzel, Alexander and Blundell, Charles},
  journal={Advances in neural information processing systems},
  volume={30},
  year={2017}
}

@article{dempster2020rocket,
  title={ROCKET: exceptionally fast and accurate time series classification using random convolutional kernels},
  author={Dempster, Angus and Petitjean, Fran{\c{c}}ois and Webb, Geoffrey I},
  journal={Data Mining and Knowledge Discovery},
  volume={34},
  number={5},
  pages={1454--1495},
  year={2020},
  publisher={Springer}
}

@article{bowen2015temperature,
  title={Temperature and moisture conditions that affect aflatoxin contamination of peanuts},
  author={Bowen, KL and Hagan, AK},
  journal={Peanut Science},
  volume={42},
  number={2},
  pages={121--127},
  year={2015},
  publisher={American Peanut Research and Education Society}
}

@inproceedings{lines2012shapelet,
  title={A shapelet transform for time series classification},
  author={Lines, Jason and Davis, Luke M and Hills, Jon and Bagnall, Anthony},
  booktitle={Proceedings of the 18th ACM SIGKDD international conference on Knowledge discovery and data mining},
  pages={289--297},
  year={2012}
}

@article{middlehurst2021hive,
  title={HIVE-COTE 2.0: a new meta ensemble for time series classification},
  author={Middlehurst, Matthew and Large, James and Flynn, Michael and Lines, Jason and Bostrom, Aaron and Bagnall, Anthony},
  journal={Machine Learning},
  volume={110},
  number={11-12},
  pages={3211--3243},
  year={2021},
  publisher={Springer}
}

@article{lubba2019catch22,
  title={catch22: CAnonical Time-series CHaracteristics: Selected through highly comparative time-series analysis},
  author={Lubba, Carl H and Sethi, Sarab S and Knaute, Philip and Schultz, Simon R and Fulcher, Ben D and Jones, Nick S},
  journal={Data Mining and Knowledge Discovery},
  volume={33},
  number={6},
  pages={1821--1852},
  year={2019},
  publisher={Springer}
}

@article{ruiz2021great,
  title={The great multivariate time series classification bake off: a review and experimental evaluation of recent algorithmic advances},
  author={Ruiz, Alejandro Pasos and Flynn, Michael and Large, James and Middlehurst, Matthew and Bagnall, Anthony},
  journal={Data Mining and Knowledge Discovery},
  volume={35},
  number={2},
  pages={401--449},
  year={2021},
  publisher={Springer}
}

@article{susto2018time,
  title={Time-series classification methods: Review and applications to power systems data},
  author={Susto, Gian Antonio and Cenedese, Angelo and Terzi, Matteo},
  journal={Big data application in power systems},
  pages={179--220},
  year={2018},
  publisher={Elsevier}
}

@article{faouzi2022time,
  title={Time series classification: A review of algorithms and implementations},
  author={Faouzi, Johann},
  journal={Machine Learning (Emerging Trends and Applications)},
  year={2022}
}

@article{fulcher2013highly,
  title={Highly comparative time-series analysis: the empirical structure of time series and their methods},
  author={Fulcher, Ben D and Little, Max A and Jones, Nick S},
  journal={Journal of the Royal Society Interface},
  volume={10},
  number={83},
  pages={20130048},
  year={2013},
  publisher={The Royal Society}
}

@inproceedings{middlehurst2020canonical,
  title={The canonical interval forest (CIF) classifier for time series classification},
  author={Middlehurst, Matthew and Large, James and Bagnall, Anthony},
  booktitle={2020 IEEE international conference on big data (big data)},
  pages={188--195},
  year={2020},
  organization={IEEE}
}

@article{deng2013time,
  title={A time series forest for classification and feature extraction},
  author={Deng, Houtao and Runger, George and Tuv, Eugene and Vladimir, Martyanov},
  journal={Information Sciences},
  volume={239},
  pages={142--153},
  year={2013},
  publisher={Elsevier}
}

@article{hills2014classification,
  title={Classification of time series by shapelet transformation},
  author={Hills, Jon and Lines, Jason and Baranauskas, Edgaras and Mapp, James and Bagnall, Anthony},
  journal={Data mining and knowledge discovery},
  volume={28},
  pages={851--881},
  year={2014},
  publisher={Springer}
}

@article{chantarat2013designing,
  title={Designing index-based livestock insurance for managing asset risk in northern Kenya},
  author={Chantarat, Sommarat and Mude, Andrew G and Barrett, Christopher B and Carter, Michael R},
  journal={Journal of Risk and Insurance},
  volume={80},
  number={1},
  pages={205--237},
  year={2013},
  publisher={Wiley Online Library}
}

@article{jensen2016index,
  title={Index insurance quality and basis risk: evidence from northern Kenya},
  author={Jensen, Nathaniel D and Barrett, Christopher B and Mude, Andrew G},
  journal={American Journal of Agricultural Economics},
  volume={98},
  number={5},
  pages={1450--1469},
  year={2016},
  publisher={Wiley Online Library}
}

@book{mapfumo2017risk,
  title={Risk modeling for appraising named peril index insurance products: A Guide for practitioners},
  author={Mapfumo, Shadreck and Groenendaal, Huybert and Dugger, Chloe},
  year={2017},
  publisher={World Bank Publications}
}

@article{cui2016multi,
  title={Multi-scale convolutional neural networks for time series classification},
  author={Cui, Zhicheng and Chen, Wenlin and Chen, Yixin},
  journal={arXiv preprint arXiv:1603.06995},
  year={2016}
}

@article{bai2018empirical,
  title={An empirical evaluation of generic convolutional and recurrent networks for sequence modeling},
  author={Bai, Shaojie and Kolter, J Zico and Koltun, Vladlen},
  journal={arXiv preprint arXiv:1803.01271},
  year={2018}
}

@inproceedings{wang2017time,
  title={Time series classification from scratch with deep neural networks: A strong baseline},
  author={Wang, Zhiguang and Yan, Weizhong and Oates, Tim},
  booktitle={2017 International joint conference on neural networks (IJCNN)},
  pages={1578--1585},
  year={2017},
  organization={IEEE}
}

@article{ismail2020inceptiontime,
  title={Inceptiontime: Finding alexnet for time series classification},
  author={Ismail Fawaz, Hassan and Lucas, Benjamin and Forestier, Germain and Pelletier, Charlotte and Schmidt, Daniel F and Weber, Jonathan and Webb, Geoffrey I and Idoumghar, Lhassane and Muller, Pierre-Alain and Petitjean, Fran{\c{c}}ois},
  journal={Data Mining and Knowledge Discovery},
  volume={34},
  number={6},
  pages={1936--1962},
  year={2020},
  publisher={Springer}
}