@article{chantarat2013designing,
  title={Designing index-based livestock insurance for managing asset risk in northern Kenya},
  author={Chantarat, Sommarat and Mude, Andrew G and Barrett, Christopher B and Carter, Michael R},
  journal={Journal of Risk and Insurance},
  volume={80},
  number={1},
  pages={205--237},
  year={2013},
  publisher={Wiley Online Library}
}